<record><leader>00000cas a22000007a 4500</leader><controlfield tag="001">11171678</controlfield><controlfield tag="008">840919d1877188usduwr ne      0   a0eng d</controlfield><datafield ind1=" " ind2=" " tag="010"><subfield code="a">sn 84027500 </subfield></datafield><datafield ind1=" " ind2=" " tag="040"><subfield code="a">NPU</subfield><subfield code="b">eng</subfield><subfield code="c">NPU</subfield><subfield code="d">DLC</subfield><subfield code="d">NJW</subfield><subfield code="d">DLC</subfield><subfield code="d">SXN</subfield><subfield code="d">DLC</subfield><subfield code="d">OCL</subfield><subfield code="d">OCLCQ</subfield><subfield code="d">OCLCF</subfield><subfield code="d">OCLCO</subfield></datafield><datafield ind1="1" ind2=" " tag="029"><subfield code="a">AU@</subfield><subfield code="b">000026223508</subfield></datafield><datafield ind1=" " ind2=" " tag="042"><subfield code="a">msc</subfield></datafield><datafield ind1=" " ind2=" " tag="043"><subfield code="a">n-us-sd</subfield><subfield code="a">n-us-wy</subfield></datafield><datafield ind1="0" ind2="0" tag="050"><subfield code="a">Newspaper</subfield></datafield><datafield ind1="0" ind2="4" tag="245"><subfield code="a">The Black Hills weekly pioneer.</subfield></datafield><datafield ind1="1" ind2=" " tag="246"><subfield code="i">Issue for Nov. 15, 1879 published as:</subfield><subfield code="a">Weekly pioneer</subfield></datafield><datafield ind1=" " ind2=" " tag="260"><subfield code="a">Deadwood City, Black Hills [Dakota Territory, i.e. S.D.] :</subfield><subfield code="b">s.n.]</subfield></datafield><datafield ind1=" " ind2=" " tag="300"><subfield code="a">v.</subfield></datafield><datafield ind1=" " ind2=" " tag="310"><subfield code="a">Weekly</subfield></datafield><datafield ind1="1" ind2=" " tag="362"><subfield code="a">Began in 1877.</subfield></datafield><datafield ind1=" " ind2=" " tag="500"><subfield code="a">Publisher: A.W. Merrick, &lt;June 30-July 21, 1877&gt;</subfield></datafield><datafield ind1=" " ind2=" " tag="515"><subfield code="a">Irregular issue numbering.</subfield></datafield><datafield ind1=" " ind2=" " tag="530"><subfield code="a">Available on microfilm from: State Archives, South Dakota State Historical Society.</subfield></datafield><datafield ind1=" " ind2=" " tag="588"><subfield code="a">Description based on: Vol. 2, no. 1 (June 23, 1877).</subfield></datafield><datafield ind1=" " ind2="0" tag="650"><subfield code="a">Gold mines and mining</subfield><subfield code="z">Black Hills (S.D. and Wyo.)</subfield><subfield code="v">Newspapers.</subfield></datafield><datafield ind1=" " ind2="0" tag="650"><subfield code="a">Mines and mineral resources</subfield><subfield code="z">Black Hills (S.D. and Wyo.)</subfield><subfield code="v">Newspapers.</subfield></datafield><datafield ind1=" " ind2="0" tag="651"><subfield code="a">Deadwood (S.D.)</subfield><subfield code="v">Newspapers.</subfield></datafield><datafield ind1=" " ind2="0" tag="651"><subfield code="a">Lawrence County (S.D.)</subfield><subfield code="v">Newspapers.</subfield></datafield><datafield ind1=" " ind2="7" tag="655"><subfield code="a">Newspapers.</subfield><subfield code="2">fast</subfield><subfield code="0">(OCoLC)fst01423814</subfield></datafield><datafield ind1=" " ind2="7" tag="650"><subfield code="a">Gold mines and mining.</subfield><subfield code="2">fast</subfield><subfield code="0">(OCoLC)fst00944469</subfield></datafield><datafield ind1=" " ind2="7" tag="650"><subfield code="a">Mines and mineral resources.</subfield><subfield code="2">fast</subfield><subfield code="0">(OCoLC)fst01022541</subfield></datafield><datafield ind1=" " ind2="7" tag="651"><subfield code="a">South Dakota</subfield><subfield code="z">Deadwood.</subfield><subfield code="2">fast</subfield><subfield code="0">(OCoLC)fst01209401</subfield></datafield><datafield ind1=" " ind2="7" tag="651"><subfield code="a">South Dakota</subfield><subfield code="z">Lawrence County.</subfield><subfield code="2">fast</subfield><subfield code="0">(OCoLC)fst01209432</subfield></datafield><datafield ind1=" " ind2="7" tag="651"><subfield code="a">United States</subfield><subfield code="z">Black Hills.</subfield><subfield code="2">fast</subfield><subfield code="0">(OCoLC)fst01310332</subfield></datafield><datafield ind1=" " ind2=" " tag="752"><subfield code="a">United States</subfield><subfield code="b">South Dakota</subfield><subfield code="c">Lawrence</subfield><subfield code="d">Deadwood.</subfield></datafield><datafield ind1="0" ind2=" " tag="775"><subfield code="t">Black Hills daily pioneer</subfield><subfield code="w">(DLC)sn 88071000</subfield><subfield code="w">(OCoLC)17435736</subfield></datafield><datafield ind1="0" ind2="0" tag="780"><subfield code="t">Black Hills pioneer</subfield><subfield code="w">(DLC)sn 88071047</subfield><subfield code="w">(OCoLC)17435797</subfield></datafield></record>